@article{alexander2013,
  title={Infinite graphs in systematic biology, with an application to the species problem},
  author={Alexander, Samuel A},
  journal={Acta Biotheoretica},
  volume={61},
  number={2},
  pages={181--201},
  year={2013},
  publisher={Springer}
}

@Book{arrow,
  author = {Arrow, K. J.},
  title = {Social choice and individual values},
  year = {1963},
  edition = {2nd},
  publisher = {Wiley}}

@inproceedings{balduzzi,
  title={Re-evaluating evaluation},
  author={Balduzzi, David and Tuyls, Karl and Perolat, Julien and Graepel, Thore},
  booktitle={Advances in Neural Information Processing Systems},
  pages={3268--3279},
  year={2018}
}

@article{fishburn,
  title={Arrow's impossibility theorem: Concise proof and infinite voters},
  author={Fishburn, Peter C},
  journal={Journal of Economic Theory},
  volume={2},
  number={1},
  pages={103--106},
  year={1970},
  publisher={Elsevier}
}

@article{good,
  title={On the marking of chess-players},
  author={Good, Irving John},
  journal={The Mathematical Gazette},
  volume={39},
  number={330},
  pages={292--296},
  year={1955},
  publisher={Cambridge University Press}
}

@article{hernandez,
  title={Measuring universal intelligence: Towards an anytime intelligence test},
  author={Hern{\'a}ndez-Orallo, Jos{\'e} and Dowe, David L},
  journal={Artificial Intelligence},
  volume={174},
  number={18},
  pages={1508--1539},
  year={2010},
  publisher={Elsevier}
}

@inproceedings{hibbard,
  title={Measuring agent intelligence via hierarchies of environments},
  author={Hibbard, Bill},
  booktitle={International Conference on Artificial General Intelligence},
  pages={303--308},
  year={2011},
  organization={Springer}
}

@article{kirman,
  title={Arrow's theorem, many agents, and invisible dictators},
  author={Kirman, Alan P and Sondermann, Dieter},
  journal={Journal of Economic Theory},
  volume={5},
  number={2},
  pages={267--277},
  year={1972},
  publisher={Elsevier}
}

@article{hutter2007,
  title={Universal intelligence: A definition of machine intelligence},
  author={Legg, Shane and Hutter, Marcus},
  journal={Minds and machines},
  volume={17},
  number={4},
  pages={391--444},
  year={2007},
  publisher={Springer}
}

@incollection{legg2013approximation,
  title={An approximation of the universal intelligence measure},
  author={Legg, Shane and Veness, Joel},
  booktitle={Algorithmic Probability and Friends. Bayesian Prediction and Artificial Intelligence},
  pages={236--249},
  year={2013},
  publisher={Springer}
}

@inproceedings{sanghi2003computer,
  title={A computer program capable of passing IQ tests},
  author={Sanghi, Pritika and Dowe, David L},
  booktitle={4th Intl. Conf. on Cognitive Science (ICCSâ€™03), Sydney},
  pages={570--575},
  year={2003}
}

@article{leike2015bad,
  title={Bad universal priors and notions of optimality},
  author={Leike, Jan and Hutter, Marcus},
  year={2015},
  journal={Journal of Machine Learning Research},
  volume={40},
  pages={1244--1259},
  publisher={JMLR}
}

@incollection{philebus,
  title={Philebus},
  booktitle={Plato: complete works},
  author={Plato},
  editor={Cooper, John M and Hutchinson, Douglas S and others},
  year={1997},
  publisher={Hackett Publishing}
}

@article{okasha,
  title={Theory choice and social choice: Kuhn versus Arrow},
  author={Okasha, Samir},
  journal={Mind},
  volume={120},
  number={477},
  pages={83--115},
  year={2011},
  publisher={Oxford University Press}
}

@article{stegenga,
  title={An impossibility theorem for amalgamating evidence},
  author={Stegenga, Jacob},
  journal={Synthese},
  volume={190},
  number={12},
  pages={2391--2411},
  year={2013},
  publisher={Springer}
}

@InCollection{encyclopedia,
  author       =  {Morreau, Michael},
  title        =  {Arrow's Theorem},
  booktitle    =  {The Stanford Encyclopedia of Philosophy},
  editor       =  {Edward N. Zalta},
  howpublished =  {\url{https://plato.stanford.edu/archives/win2016/entries/arrows-theorem/}},
  year         =  {2016},
  edition      =  {Winter 2016},
  publisher    =  {Metaphysics Research Lab, Stanford University}
}

@article{gavane,
  title={A measure of real-time intelligence},
  author={Gavane, Vaibhav},
  journal={Journal of Artificial General Intelligence},
  volume={4},
  number={1},
  pages={31--48},
  year={2013},
  publisher={De Gruyter Open}
}

@article{hutter2012,
  title={Can intelligence explode?},
  author={Hutter, Marcus},
  journal={Journal of Consciousness Studies},
  volume={19},
  number={1-2},
  pages={143--166},
  year={2012},
  publisher={Imprint Academic}
}

@conference{alexander2019measuring,
  title={Measuring the intelligence of an idealized mechanical knowing agent},
  year={2019},
  author={Alexander, Samuel A},
  booktitle={Cognition, Interdisciplinary Foundations, Models, and Applications (CIFMA)},
  publisher={Springer}
}

@article{darwin1898knight,
  title={The Knight-Darwin Law},
  journal={Nature},
  volume={58},
  pages={630--632},
  author={Darwin, Francis},
  year={1898},
}

@article{kleene1938notation,
  title={On notation for ordinal numbers},
  author={Kleene, Stephen Cole},
  journal={The Journal of Symbolic Logic},
  volume={3},
  number={4},
  pages={150--155},
  year={1938},
  publisher={Cambridge University Press}
}

@book{originofspecies,
  title={On the origin of species},
  edition={6th},
  author={Darwin, Charles},
  year={1872},
  publisher={John Murray},
  address={London}
}

@article{alexander2015alternative,
  title={An alternative construction of internodons: the emergence of a multi-level tree of life},
  author={Alexander, Samuel A and de Bruin, Arie and Kornet, D.\ J.},
  journal={Bulletin of mathematical biology},
  volume={77},
  number={1},
  pages={23--45},
  year={2015},
  publisher={Springer}
}

@article{wang2007,
  title={Three fundamental misconceptions of artificial intelligence},
  author={Wang, Pei},
  journal={Journal of Experimental \& Theoretical Artificial Intelligence},
  volume={19},
  number={3},
  pages={249--268},
  year={2007},
  publisher={Taylor \& Francis}
}

@article{strannegaard2018learning,
  title={Learning and decision-making in artificial animals},
  author={Stranneg{\aa}rd, Claes and Svang{\aa}rd, Nils and Lindstr{\"o}m, David and Bach, Joscha and Steunebrink, Bas},
  journal={Journal of Artificial General Intelligence},
  volume={9},
  number={1},
  pages={55--82},
  year={2018},
  publisher={Sciendo}
}

@article{yoshida2017homeostatic,
  title={Homeostatic agent for general environment},
  author={Yoshida, Naoto},
  journal={Journal of Artificial General Intelligence},
  volume={8},
  number={1},
  pages={1--22},
  year={2017},
  publisher={De Gruyter Open}
}

@article{goertzel2014artificial,
  title={Artificial general intelligence: concept, state of the art, and future prospects},
  author={Goertzel, Ben},
  journal={Journal of Artificial General Intelligence},
  volume={5},
  number={1},
  pages={1--48},
  year={2014},
  publisher={De Gruyter Open}
}

@inproceedings{hibbard2011societies,
  title={Societies of intelligent agents},
  author={Hibbard, Bill},
  booktitle={International Conference on Artificial General Intelligence},
  pages={286--290},
  year={2011},
  organization={Springer}
}

@conference{lazaridou2018emergence,
  title={Emergence of linguistic communication from referential
  games with symbolic and pixel input},
  author={Lazaridou, Angeliki and Hermann, Karl Moritz and Tuyls, Karl and Clark, Stephen},
  booktitle={International Conference on Learning Representations},
  year={2018}
}

@article{bansal2017emergent,
  title={Emergent complexity via multi-agent competition},
  author={Bansal, Trapit and Pachocki, Jakub and Sidor, Szymon and
  Sutskever, Ilya and Mordatch, Igor},
  journal={arXiv preprint arXiv:1710.03748},
  year={2017}
}

@incollection{buchanan1988artificial,
  title={Artificial intelligence as an experimental science},
  author={Buchanan, Bruce G},
  booktitle={Aspects of Artificial Intelligence},
  pages={209--250},
  year={1988},
  publisher={Springer}
}

@incollection{wainer1987provably,
  title={Provably computable functions and the fast growing hierarchy},
  author={Wainer, S and Buchholz, Wilfried},
  year={1987},
  booktitle={Logic and Combinatorics},
  editor={Simpson, Stephen},
  volume={65},
  publisher={American Mathematical Society}
}

@article{hardy1904theorem,
  title={A theorem concerning the infinite cardinal numbers},
  author={Hardy, Godfrey H},
  journal={Quarterly journal of Mathematics},
  volume={35},
  pages={87--94},
  year={1904}
}

@inproceedings{dai2011artificial,
  title={Artificial intelligence for artificial artificial intelligence},
  author={Dai, Peng and Weld, Daniel Sabby and others},
  booktitle={Twenty-Fifth AAAI Conference on Artificial Intelligence},
  year={2011}
}

@inproceedings{hibbard2011measuring,
  title={Measuring agent intelligence via hierarchies of environments},
  author={Hibbard, Bill},
  booktitle={International Conference on Artificial General Intelligence},
  pages={303--308},
  year={2011},
  organization={Springer}
}

@article{beyret2019animal,
  title={The Animal-AI Environment: Training and Testing Animal-Like Artificial Cognition},
  author={Beyret, Benjamin and Hern{\'a}ndez-Orallo, Jos{\'e} and Cheke, Lucy and Halina, Marta and Shanahan, Murray and Crosby, Matthew},
  journal={arXiv preprint arXiv:1909.07483},
  year={2019}
}

@article{alexander2014machine,
  title={A Machine That Knows Its Own Code},
  author={Alexander, Samuel A},
  journal={Studia Logica},
  volume={102},
  number={3},
  pages={567--576},
  year={2014},
  publisher={Springer-Verlag New York, Inc.}
}

@article{kirby1982accessible,
  title={Accessible independence results for Peano arithmetic},
  author={Kirby, Laurie and Paris, Jeff},
  journal={Bulletin of the London Mathematical Society},
  volume={14},
  number={4},
  pages={285--293},
  year={1982},
  publisher={Wiley Online Library}
}


@article{potapov2012cognitive,
  title={Cognitive bias for universal algorithmic intelligence},
  author={Potapov, Alexey and Rodionov, Sergey and Myasnikov, Andrew and Begimov, Galymzhan},
  journal={arXiv preprint arXiv:1209.4290},
  year={2012}
}

@article{castelfranchi1998modelling,
  title={Modelling social action for AI agents},
  author={Castelfranchi, Cristiano},
  journal={Artificial intelligence},
  volume={103},
  number={1-2},
  pages={157--182},
  year={1998},
  publisher={Elsevier}
}

@article{thorisson2004constructionist,
  title={Constructionist design methodology for interactive intelligences},
  author={Th{\'o}risson, Kristinn R and Benko, Hrvoje
  and Abramov, Denis and Arnold, Andrew and Maskey, Sameer and Vaseekaran, Aruchunan},
  journal={AI Magazine},
  volume={25},
  number={4},
  pages={77--90},
  year={2004}
}

@conference{potyka2016group,
  title={Group decision making via probabilistic belief merging},
  author={Potyka, Nico and Acar, Erman and Thimm, Matthias and Stuckenschmidt, Heiner},
  booktitle={25th IJCAI},
  year={2016},
  publisher={AAAI Press}
}

@article{besold2015can,
  title={Can machine intelligence be measured in the same way as human intelligence?},
  author={Besold, Tarek and Hern{\'a}ndez-Orallo, Jos{\'e} and Schmid, Ute},
  journal={KI-K{\"u}nstliche Intelligenz},
  volume={29},
  number={3},
  pages={291--297},
  year={2015},
  publisher={Springer}
}

@article{weiermann2002slow,
  title={Slow versus fast growing},
  author={Weiermann, Andreas},
  journal={Synthese},
  volume={133},
  pages={13--29},
  year={2002},
}

@incollection{fairtlough1998hierarchies,
  title={Hierarchies of provably recursive functions},
  author={Fairtlough, Matt and Wainer, Stanley S},
  booktitle={Handbook of proof theory},
  pages={149--207},
  year={1998},
  publisher={Elsevier Amsterdam}
}

@article{yampolskiy2012leakproofing,
  title={Leakproofing Singularity-Artificial Intelligence Confinement Problem},
  author={Yampolskiy, Roman V},
  journal={Journal of Consciousness Studies},
  volume={19},
  year={2012}
}

@inproceedings{franz2015toward,
  title={Toward tractable universal induction through recursive program learning},
  author={Franz, Arthur},
  booktitle={International Conference on Artificial General Intelligence},
  pages={251--260},
  year={2015},
  organization={Springer}
}

@article{kolonin2018reputation,
  title={A Reputation System for Artificial Societies},
  author={Kolonin, Anton and Goertzel, Ben and Duong, Deborah and Ikle, Matt},
  journal={arXiv preprint arXiv:1806.07342},
  year={2018}
}